<?xml version="1.0" encoding="UTF-8"?><collection xmlns="http://www.loc.gov/MARC21/slim"><record><leader>00543nam--2200169-u-4500</leader><controlfield tag="001">000056831</controlfield><controlfield tag="002">20191104</controlfield><controlfield tag="005">20191104052247</controlfield><controlfield tag="008">191104s1000------------r-----000-0-eng-d</controlfield><datafield ind1=" " ind2=" " tag="041"><subfield code="a">eng</subfield></datafield><datafield ind1="1" ind2=" " tag="100"><subfield code="a">SWINKELS, GERARDUS HUBERTUS PETRUS MARIA</subfield></datafield><datafield ind1="1" ind2="0" tag="245"><subfield code="a">OPTICAL STUDIES OF MICRON-SIZED PARTICLES IMMERSED IN A PLASMA</subfield><subfield code="c">GERARDUS HUBERTUS PETRUS MARIA SWINKELS</subfield></datafield><datafield ind1=" " ind2=" " tag="260"><subfield code="a">EINDHOVEN</subfield><subfield code="b">TECHNISCHE UNIVERSITEIT EINDHOVEN</subfield><subfield code="c">1999</subfield></datafield><datafield ind1=" " ind2=" " tag="300"><subfield code="a">122 P</subfield></datafield><datafield ind1=" " ind2=" " tag="500"><subfield code="a">DONATIE GHEORGHE DINESCU</subfield></datafield><datafield ind1=" " ind2=" " tag="852"><subfield code="a">82781</subfield><subfield code="c">533.9</subfield></datafield><datafield ind1=" " ind2=" " tag="CAT"><subfield code="a">SYS</subfield><subfield code="c">20191104</subfield><subfield code="h">052247</subfield></datafield></record></collection>